@Article{VCHN,
  author =  {Zhuolin Liao and Xiaolin Zhang and Wei Su and Kun Zhan},
  title =   {View-Consistent Heterogeneous Network on Graphs with Few Labeled Nodes},
  journal = {IEEE Transactions on Cybernetics},
  year =    {2022},
  volume =  {},
  number =  {},
  pages =   {}
}
@article{GCN,
  author    = {Thomas N. Kipf and
               Max Welling},
  title     = {Semi-Supervised Classification with Graph Convolutional Networks},
  journal   = {CoRR},
  volume    = {abs/1609.02907},
  year      = {2016},
  url       = {http://arxiv.org/abs/1609.02907},
  eprinttype = {arXiv},
  eprint    = {1609.02907},
  timestamp = {Mon, 13 Aug 2018 16:48:31 +0200},
  biburl    = {https://dblp.org/rec/journals/corr/KipfW16.bib},
  bibsource = {dblp computer science bibliography, https://dblp.org}
}
@ARTICLE{GAT,
       author = {{Veli{\v{c}}kovi{\'c}}, Petar and {Cucurull}, Guillem and {Casanova}, Arantxa and {Romero}, Adriana and {Li{\`o}}, Pietro and {Bengio}, Yoshua},
        title = {Graph Attention Networks},
      journal = {arXiv e-prints},
     keywords = {Statistics - Machine Learning, Computer Science - Artificial Intelligence, Computer Science - Machine Learning, Computer Science - Social and Information Networks},
         year = 2017,
        month = oct,
          eid = {arXiv:1710.10903},
        pages = {arXiv:1710.10903},
archivePrefix = {arXiv},
       eprint = {1710.10903},
 primaryClass = {stat.ML},
       adsurl = {https://ui.adsabs.harvard.edu/abs/2017arXiv171010903V},
      adsnote = {Provided by the SAO/NASA Astrophysics Data System}
}
@article{tricks,
  author    = {Yangkun Wang},
  title     = {Bag of Tricks of Semi-Supervised Classification with Graph Neural
               Networks},
  journal   = {CoRR},
  volume    = {abs/2103.13355},
  year      = {2021},
  url       = {https://arxiv.org/abs/2103.13355},
  eprinttype = {arXiv},
  eprint    = {2103.13355},
  timestamp = {Wed, 07 Apr 2021 15:31:46 +0200},
  biburl    = {https://dblp.org/rec/journals/corr/abs-2103-13355.bib},
  bibsource = {dblp computer science bibliography, https://dblp.org}
}
@ARTICLE{SSP,
       author = {{Rasool Izadi}, Mohammad and {Fang}, Yihao and {Stevenson}, Robert and {Lin}, Lizhen},
        title = "{Optimization of Graph Neural Networks with Natural Gradient Descent}",
      journal = {arXiv e-prints},
     keywords = {Computer Science - Machine Learning, Statistics - Machine Learning},
         year = 2020,
        month = aug,
          eid = {arXiv:2008.09624},
        pages = {arXiv:2008.09624},
archivePrefix = {arXiv},
       eprint = {2008.09624},
 primaryClass = {cs.LG},
       adsurl = {https://ui.adsabs.harvard.edu/abs/2020arXiv200809624R},
      adsnote = {Provided by the SAO/NASA Astrophysics Data System}
}
@article{snowball,
  title     = {Break the Ceiling: Stronger Multi-scale Deep Graph Convolutional Networks},
  journal   = {CoRR},
  volume    = {abs/1906.02174},
  year      = {2019},
  note      = {Withdrawn.},
  url       = {http://arxiv.org/abs/1906.02174},
  eprinttype = {arXiv},
  eprint    = {1906.02174},
  timestamp = {Tue, 02 Jul 2019 16:09:42 +0200},
  biburl    = {https://dblp.org/rec/journals/corr/abs-1906-02174.bib},
  bibsource = {dblp computer science bibliography, https://dblp.org}
}